@inproceedings{gestalt,
 author = {Patel, Kayur and Bancroft, Naomi and Drucker, Steven M. and Fogarty, James and Ko, Andrew J. and Landay, James},
 title = {Gestalt: Integrated Support for Implementation and Analysis in Machine Learning},
 booktitle = {Proceedings of the 23Nd Annual ACM Symposium on User Interface Software and Technology},
 series = {UIST '10},
 year = {2010},
 isbn = {978-1-4503-0271-5},
 location = {New York, New York, USA},
 pages = {37--46},
 numpages = {10},
 url = {http://doi.acm.org/10.1145/1866029.1866038},
 doi = {10.1145/1866029.1866038},
 acmid = {1866038},
 publisher = {ACM},
 address = {New York, NY, USA},
 keywords = {gestalt, machine learning, software development},
} 
@inproceedings{Patel:2008:ISM:1357054.1357160,
 author = {Patel, Kayur and Fogarty, James and Landay, James A. and Harrison, Beverly},
 title = {Investigating Statistical Machine Learning As a Tool for Software Development},
 booktitle = {Proceedings of the SIGCHI Conference on Human Factors in Computing Systems},
 series = {CHI '08},
 year = {2008},
 isbn = {978-1-60558-011-1},
 location = {Florence, Italy},
 pages = {667--676},
 numpages = {10},
 url = {http://doi.acm.org/10.1145/1357054.1357160},
 doi = {10.1145/1357054.1357160},
 acmid = {1357160},
 publisher = {ACM},
 address = {New York, NY, USA},
 keywords = {software development, statistical machine learning},
} 
@inproceedings{explain:krr15,
 author = {Ivan Sanchez and Tim Rocktaschel and Sebastian Riedel and Sameer Singh},
 title = {Towards Extracting Faithful and Descriptive Representations of Latent Variable Models},
 booktitle = {AAAI Spring Syposium on Knowledge Representation and Reasoning (KRR): Integrating Symbolic and Neural Approaches},
 year = {2015}
}
@article{Strumbelj:2010:EEI:1756006.1756007,
 author = {Strumbelj, Erik and Kononenko, Igor},
 title = {An Efficient Explanation of Individual Classifications Using Game Theory},
 journal = {J. Mach. Learn. Res.},
 issue_date = {3/1/2010},
 volume = {11},
 month = mar,
 year = {2010},
 issn = {1532-4435},
 pages = {1--18},
 numpages = {18},
 url = {http://dl.acm.org/citation.cfm?id=1756006.1756007},
 acmid = {1756007},
 publisher = {JMLR.org},
} 
@article{Stumpf:2009:IMM:1555003.1555106,
 author = {Stumpf, Simone and Rajaram, Vidya and Li, Lida and Wong, Weng-Keen and Burnett, Margaret and Dietterich, Thomas and Sullivan, Erin and Herlocker, Jonathan},
 title = {Interacting Meaningfully with Machine Learning Systems: Three Experiments},
 journal = {Int. J. Hum.-Comput. Stud.},
 issue_date = {August, 2009},
 volume = {67},
 number = {8},
 month = aug,
 year = {2009},
 issn = {1071-5819},
 pages = {639--662},
 numpages = {24},
 url = {http://dx.doi.org/10.1016/j.ijhcs.2009.03.004},
 doi = {10.1016/j.ijhcs.2009.03.004},
 acmid = {1555106},
 publisher = {Academic Press, Inc.},
 address = {Duluth, MN, USA},
 keywords = {Explanations, Intelligent user interfaces, Machine learning, Rich feedback},
} 
@article{Kulesza:2011:WED:2030365.2030367,
 author = {Kulesza, Todd and Stumpf, Simone and Wong, Weng-Keen and Burnett, Margaret M. and Perona, Stephen and Ko, Andrew and Oberst, Ian},
 title = {Why-oriented End-user Debugging of Naive Bayes Text Classification},
 journal = {ACM Trans. Interact. Intell. Syst.},
 issue_date = {October 2011},
 volume = {1},
 number = {1},
 month = oct,
 year = {2011},
 issn = {2160-6455},
 pages = {2:1--2:31},
 articleno = {2},
 numpages = {31},
 url = {http://doi.acm.org/10.1145/2030365.2030367},
 doi = {10.1145/2030365.2030367},
 acmid = {2030367},
 publisher = {ACM},
 address = {New York, NY, USA},
 keywords = {Debugging, end-user programming, machine learning},
} 

@article{modeltracker,
author       = {Saleema Amershi and Max Chickering and Steven M. Drucker and Bongshin Lee and
                Patrice Simard and Jina Suh},
booktitle    = {Proceedings of the Conference on Human Factors in Computing Systems (CHI 2015)},
month        = {April},
publisher    = {ACM â€“ Association for Computing Machinery},
title        = {ModelTracker: Redesigning Performance Analysis Tools for Machine Learning},
url          = {http://research.microsoft.com/apps/pubs/default.aspx?id=241307},
year         = {2015},
}
